@article{elipot2009-os, 
  author = {Elipot, Shane and Gille, S T}, 
  title = {{Ekman layers in the Southern Ocean: spectral models and observations, vertical viscosity and boundary layer depth}}, 
  abstract = {{Abstract Spectral characteristics of the oceanic boundary - layer response to wind stress forcing are assessed by comparing surface drifter observations from the Southern Ocean to a suite of idealized models that parameterize the vertical flux of horizontal momentum ...}}, 
  journal = {Ocean Science}, 
  local-url = {file://localhost/Users/jearly/Dropbox/Library.papers3/Files/47/4700CFEB-71B7-42BC-A725-C18ED2C6E960.pdf}, 
  year = {2009}, 
  rating = {0}
}